@article{michaelis1913kinetics,
  title={The kinetics of the inversion effect},
  author={Michaelis, Leonor and Menten, Maude L},
  journal={Biochem. Z},
  volume={49},
  pages={333--369},
  year={1913}
}